@book{1,
  ISBN = {978-0-12-415873-3},
}

@misc{MATLAB 2,
  year = {2010},
  author = {Michael Grant and Stephen Boyd},
  title = {MATLAB, version 7.10.0 (R2010a)},
  publisher = {The MathWorks Inc.},
  howpublished = {školní licence},
  address = {Natick, Massachusetts},
}

@article{3,
  ISSN = {2320–088X},
  DOI = {},
}

@article{4,
  ISSN = {},
  DOI = {https://doi.org/10.1038/s41598-019-53621-4},
}

@article{5,
  ISSN = {},
  DOI = {https://doi.org/10.1016/j.talanta.2018.02.088},
}

@article{6,
  ISSN = {},
  DOI = {https://doi.org/10.1038/nmat2162},
}

@article{8,
  ISSN = {},
  DOI = {10.1039/c2cs35367a},
}


@article{9,
  ISSN = {},
  DOI = {Chem. Soc. Rev., 2013,42, 2679-2724},
}

@book{10,
  ISBN = {978-1-84821-007-3},
}

@book{11,
  ISBN = {978-80-244-4179-5},
}

@book{12,
  ISBN = {9780470618820},
}

@book{13,
  ISBN = {978-80-01-04555-8},
}

@article{14,
  ISSN = {},
  DOI = {https://www.technology.org/2019/08/03/introduction-to-nanotechnology-basic-concepts-explained/},
}

@article{15,
  ISSN = {},
  DOI = {https://doi.org/10.1109/ICTEA.2012.6462867},
}

@article{16,
  ISSN = {},
  DOI = {10.4467/20838476SI.15.002.3024},
}

@article{17,
  ISSN = {},
  DOI = {10.1109/ARTCom.2009.219},
}

@article{18,
  ISSN = {},
  DOI = {https://doi.org/10.1016/j.patrec.2007.09.005},
}

@article{18,
  ISSN = {},
  DOI = {https://doi.org/10.1016/j.snb.2014.01.056},
}

@article{18,
  ISSN = {},
  DOI = {https://www.researchgate.net/figure/Gold-nanorods-of-various-sizes-and-shapes-A-Au-nanorods-with-spherical-heads-B_fig2_232916898},
}

@article{19,
  ISSN = {},
  DOI = {https://xsigsummer.wordpress.com/2014/07/15/nano-nano/},
}

@article{20,
  ISSN = {},
  DOI = {https://www.researchgate.net/figure/The-segmentation-process-of-the-watershed-algorithm_fig2_349323744},
}

@article{21,
  ISSN = {},
  DOI = {http://dx.doi.org/10.1109/TPAMI.2007.1027},
}
@article{22,
  ISSN = {},
  DOI = {https://doi.org/10.48550/arXiv.1707.02051},
}
@article{23,
  ISSN = {},
  DOI = {https://www.cs.auckland.ac.nz/courses/compsci773s1c/lectures/ImageProcessing-html/topic1.htm},
}


@article{24,
  ISSN = {},
  DOI = {http://dendroid.sk/2011/05/09/k-means-clustering/},
}


@article{25,
  ISSN = {},
  DOI = {https://medium.com/machine-learning-t%C3%BCrkiye/what-is-the-difference-between-hierarchical-and-partitional-clustering-84d5a4ceb4c0},
}


@article{26,
  ISSN = {},
  DOI = {http://dx.doi.org/10.14257/ijsip.2016.9.5.18},
}


@article{27,
  ISSN = {},
  DOI = {https://sites.google.com/site/dataclusteringalgorithms/mst-based-clustering-algorithm?authuser=0},
}


@article{28,
  ISSN = {},
  DOI = {10.1007/978-81-322-2208-8_14},
}

@book{29,
  ISBN = {9788001047217},
}

@article{30,
  ISSN = {},
  DOI = {https://doi.org/10.1002/mp.13649},
}

@article{31,
  ISSN = {},
  DOI = {https://towardsdatascience.com/convolutional-neural-networks-explained-9cc5188c4939},
}
