@book{1,
  title={Visual computing for medicine: theory, algorithms, and applications},
  author={Preim, Bernhard and Botha, Charl P},
  year={2013},
  publisher={Newnes}
}

@online{2,
  title = {MathWorks},
  url = {https://www.mathworks.com},
  year = {1994-2022}
}

@online{skimage,
  title = {Scikit image documantation},
  url = {https://scikit-image.org/docs/stable/},
  author={Emmanuelle Gouillart, Gregory Lee, Mark Harfouche, Jarrod Millman, Josh Warner, Juan Nunez-Iglesias, Lars Grüter, Marianne Corvellec, Riadh Fezzani, Egor Panfilov, Stefan van der Walt}
}

@article{3,
  title={Medical image segmentation: a review},
  author={Patil, Dinesh D and Deore, Sonal G},
  journal={International Journal of Computer Science and Mobile Computing},
  volume={2},
  number={1},
  pages={22--27},
  year={2013}
}

@article{4,
  title={Determination of the Aspect-ratio Distribution of Gold Nanorods in a Colloidal Solution using UV-visible absorption spectroscopy},
  author={Kumar, Rahul and Binetti, Leonardo and Nguyen, T Hien and Alwis, Lourdes SM and Agrawal, Arti and Sun, Tong and Grattan, Kenneth TV},
  journal={Scientific reports},
  volume={9},
  number={1},
  pages={1--10},
  year={2019},
  publisher={Nature Publishing Group}
}

@article{5,
  title={Recent biomedical applications of gold nanoparticles: A review},
  author={Elahi, Narges and Kamali, Mehdi and Baghersad, Mohammad Hadi},
  journal={Talanta},
  volume={184},
  pages={537--556},
  year={2018},
  publisher={Elsevier}
}

@article{6,
  title={Biosensing with plasmonic nanosensors},
  author={Anker, Jeffrey N and Hall, W Paige and Lyandres, Olga and Shah, Nilam C and Zhao, Jing and Van Duyne, Richard P},
  journal={Nature materials},
  volume={7},
  number={6},
  pages={442--453},
  year={2008},
  publisher={Nature Publishing Group}
}

@article{8,
  title={Gold nanorods and their plasmonic properties},
  author={Chen, Huanjun and Shao, Lei and Li, Qian and Wang, Jianfang},
  journal={Chemical Society Reviews},
  volume={42},
  number={7},
  pages={2679--2724},
  year={2013},
  publisher={Royal Society of Chemistry}
}

@online{7,
  title = {transmission electron microscope},
  author = {Joy, David C.},
  url = {https://www.britannica.com/technology/transmission-electron-microscope},
  urldate = {2022-10-10}
}


@article{9,
  title={Gold nanorods and their plasmonic properties},
  author={Chen, Huanjun and Shao, Lei and Li, Qian and Wang, Jianfang},
  journal={Chemical Society Reviews},
  volume={42},
  number={7},
  pages={2679--2724},
  year={2013},
  publisher={Royal Society of Chemistry}
}

@book{10,
  title={An introduction to nanoscience and nanotechnology},
  author={Nouailhat, Alain},
  volume={10},
  year={2010},
  publisher={John Wiley \& Sons}
}


@book{11,
  title={Úvod do nanovědy a nanotechnologií},
  author={Kolářová, Lucie},
  year={2014},
  publisher={Univerzita Palackého}
}


@book{12,
  title={Introduction to nanoscience and nanotechnology},
  author={Hornyak, Gabor L and Tibbals, Harry F and Dutta, Joydeep and Moore, John J},
  year={2008},
  publisher={CRC press}
}

@book{13,
  title={Úvod do nanotechnologie},
  author={Hošek, Jan},
  year={2010},
  publisher={České vysoké učení technické}
}

@online{14,
  title = {Introduction to Nanotechnology: Basic Concepts Explained},
  url = {https://www.technology.org/2019/08/03/introduction-to-nanotechnology-basic-concepts-explained/},
  urldate = {2019-08-03}
}


@inproceedings{15,
  title={A survey of entropy image thresholding techniques},
  author={Mahmoudi, Linda and El Zaart, Ali},
  booktitle={2012 2nd international conference on advances in computational tools for engineering applications (ACTEA)},
  pages={204--209},
  year={2012},
  organization={IEEE}
}

@article{16,
  title={Cross-entropy based image thresholding},
  author={Malik, Mateusz and Spurek, Przemys{\l}aw and Tabor, Jacek},
  journal={Schedae Informaticae},
  volume={24},
  year={2015}
}

@inproceedings{17,
  title={Image segmentation-a survey of soft computing approaches},
  author={Senthilkumaran, N and Rajesh, Reghunadhan},
  booktitle={2009 International Conference on Advances in Recent Technologies in Communication and Computing},
  pages={844--846},
  year={2009},
  organization={IEEE}
}

@article{18,
  title={Multilevel thresholding for image segmentation through a fast statistical recursive algorithm},
  author={Arora, Siddharth and Acharya, Jayadev and Verma, Amit and Panigrahi, Prasanta K},
  journal={Pattern Recognition Letters},
  volume={29},
  number={2},
  pages={119--125},
  year={2008},
  publisher={Elsevier}
}

@article{19,
  title={Gold nanorod-based localized surface plasmon resonance biosensors: A review},
  author={Cao, Jie and Sun, Tong and Grattan, Kenneth TV},
  journal={Sensors and actuators B: Chemical},
  volume={195},
  pages={332--351},
  year={2014},
  publisher={Elsevier}
}

@online{20,
  title = {ResearchGate},
  url = {https://www.researchgate.net/},
  year = {2008-2022}
}

@online{grid,
  url=https://www.scienceservices.eu/tools-supplies/tem-grids
}


@article{21,
  title={Laplacian operator-based edge detectors},
  author={Wang, Xin},
  journal={IEEE transactions on pattern analysis and machine intelligence},
  volume={29},
  number={5},
  pages={886--890},
  year={2007},
  publisher={IEEE}
}

@article{22,
  title={Image segmentation algorithms overview},
  author={Yuheng, Song and Hao, Yan},
  journal={arXiv preprint arXiv:1707.02051},
  year={2017}
}

@online{23,
  title = {What is the Difference Between Hierarchical and Partitional Clustering},
  author = {Yesilyurt, Emre},
  url = {https://www.cs.auckland.ac.nz/courses/compsci773s1c/lectures/ImageProcessing-html/topic1.htm},
  urldate = {2022-03-26}
}

@online{24,
  title = {Spatial Frequency Domain},
  url = {http://dendroid.sk/2011/05/09/k-means-clustering/}
}

@online{25,
  title = {What is the Difference Between Hierarchical and Partitional Clustering},
  author = {Yesilyurt, Emre},
  url = {https://medium.com/machine-learning-t%C3%BCrkiye/what-is-the-difference-between-hierarchical-and-partitional-clustering-84d5a4ceb4c0},
  urldate = {2022-03-26}
}

@article{26,
  title={A review on image segmentation with its clustering techniques},
  author={Sharma, Priyansh and Suji, Jenkin},
  journal={International Journal of Signal Processing, Image Processing and Pattern Recognition},
  volume={9},
  number={5},
  pages={209--218},
  year={2016}
}

@online{27,
  title = {Data Clustering Algorithms},
  url = {https://sites.google.com/site/dataclusteringalgorithms/home?authuser=0},
  urldate = {2020-08-30}
}


@article{28,
  title={A hybrid method for imputation of missing values using optimized fuzzy c-means with support vector regression and a genetic algorithm},
  author={Aydilek, Ibrahim Berkan and Arslan, Ahmet},
  journal={Information Sciences},
  volume={233},
  pages={25--35},
  year={2013},
  publisher={Elsevier}
}

@book{29,
  title={Číslicové zpracování neurofiziologických signálů},
  author={Krajča, Vladimír and Mohylová, Jitka},
  year={2011},
  publisher={České vysoké učení technické}
}

@article{30,
  title={Machine learning techniques for biomedical image segmentation: an overview of technical aspects and introduction to state-of-art applications},
  author={Seo, Hyunseok and Badiei Khuzani, Masoud and Vasudevan, Varun and Huang, Charles and Ren, Hongyi and Xiao, Ruoxiu and Jia, Xiao and Xing, Lei},
  journal={Medical physics},
  volume={47},
  number={5},
  pages={e148--e167},
  year={2020},
  publisher={Wiley Online Library}
}

@online{31,
  title = {Convolutional Neural Networks, Explained},
  author = {Mishra, Mayank},
  url = {https://towardsdatascience.com/convolutional-neural-networks-explained-9cc5188c4939},
  urldate = {2020-08-26}
}

@online{32,
  title = {Nano Nano},
  url = {https://xsigsummer.wordpress.com/2014/07/15/nano-nano/},
  urldate = {2014-07-15}
}

@book{33,
  title={Foundations for nanoscience and nanotechnology},
  author={Petersen, Nils O},
  year={2017},
  publisher={CRC Press}
}

@book{34,
  title={Introduction to nanoscience and nanotechnology},
  author={Binns, Chris},
  year={2021},
  publisher={John Wiley \& Sons}
}

@article{35,
  title={Determining what really counts: modeling and measuring nanoparticle number concentrations},
  author={Petersen, Elijah J and Bustos, Antonio R Montoro and Toman, Blaza and Johnson, Monique E and Ellefson, Mark and Caceres, George C and Neuer, Anna Lena and Chan, Qilin and Kemling, Jonathan W and Mader, Brian and others},
  journal={Environmental Science: Nano},
  volume={6},
  number={9},
  pages={2876--2896},
  year={2019},
  publisher={Royal Society of Chemistry}
}

@article{36,
  title={Nanoparticle counting: towards accurate determination of the molar concentration},
  author={Shang, Jing and Gao, Xiaohu},
  journal={Chemical Society Reviews},
  volume={43},
  number={21},
  pages={7267--7278},
  year={2014},
  publisher={Royal Society of Chemistry}
}

@article{37,
  title={Determination of size and concentration of gold nanoparticles from extinction spectra},
  author={Khlebtsov, Nikolai G},
  journal={Analytical chemistry},
  volume={80},
  number={17},
  pages={6620--6625},
  year={2008},
  publisher={ACS Publications}
}

@book{38,
  title={Localized surface plasmon resonance based nanobiosensors},
  author={Long, Yi-Tao and Jing, Chao},
  year={2014},
  publisher={Springer}
}

@article{39,
  title={Optical properties and biomedical applications of plasmonic nanoparticles},
  author={Khlebtsov, Nikolai G and Dykman, Lev A},
  journal={Journal of Quantitative Spectroscopy and Radiative Transfer},
  volume={111},
  number={1},
  pages={1--35},
  year={2010},
  publisher={Elsevier}
}

@article{40,
  title={Tailoring plasmon coupling in self-assembled one-dimensional Au nanoparticle chains through simultaneous control of size and gap separation},
  author={Chen, Tianhong and Pourmand, Mahshid and Feizpour, Amin and Cushman, Bradford and Reinhard, Björn M},
  journal={The journal of physical chemistry letters},
  volume={4},
  number={13},
  pages={2147--2152},
  year={2013},
  publisher={ACS Publications}
}

@article{41,
  title={The rapid diagnosis and effective inhibition of coronavirus using spike antibody attached gold nanoparticles},
  author={Pramanik, Avijit and Gao, Ye and Patibandla, Shamily and Mitra, Dipanwita and McCandless, Martin G and Fassero, Lauren A and Gates, Kalein and Tandon, Ritesh and Ray, Paresh Chandra},
  journal={Nanoscale Advances},
  volume={3},
  number={6},
  pages={1588--1596},
  year={2021},
  publisher={Royal Society of Chemistry}
}

@article{42,
  title={Size evaluation of gold nanoparticles by UV- vis spectroscopy},
  author={Amendola, Vincenzo and Meneghetti, Moreno},
  journal={The Journal of Physical Chemistry C},
  volume={113},
  number={11},
  pages={4277--4285},
  year={2009},
  publisher={ACS Publications}
}

@article{roerdink2000watershed,
  title={The watershed transform: Definitions, algorithms and parallelization strategies},
  author={Roerdink, Jos BTM and Meijster, Arnold},
  journal={Fundamenta informaticae},
  volume={41},
  number={1-2},
  pages={187--228},
  year={2000},
  publisher={IOS press}
}